@misc{Alves:2015:VR_Quimica,
  author = {Gabriel F. Alves and Emerson V. Souza and Pedro M. de Sousa},
  title = {Realidade Virtual e Aumentada Aplicada na Educacao na Disciplina de Quimica – RVAQ},
  howpublished = {SBGames 2015 - Art \& Design Track – Full Papers},
  year = {2015},
  month = {November}
}

@misc{IBGE:2015:PNAD_TIC_2013,
	author = {IBGE},
    title = {Acesso à Internet e à Televisão e Posse de Telefone Móvel Celular para Uso Pessoal},
    year = {2015}
}

@misc{BNDES:2014:MIBG_DigitalGames,
	author = {BNDES},
    title = {Mapeamento da Indústria Brasileira e Global de Jogos Digitais},
    month = {February},
    year = {2014}
}

@inproceedings{SBGames:2015:RVAM,
	author = {Bruna v. Frade and Bruno F. Alixandre and Pedro M. Souza},
    title = {Desenvolvimento de um jogo S{\'e}rio com Uso de Realidade Virtual aplicado ao Ensino da Matematica},
    howpublished = {SBGames 2015 - Culture Track – Full Papers},
    month = {November},
    year = {2015}
}

@inproceedings{Tabuti:2015:tabela_habilidades,
  title={Tabela de habilidades Placeholder},
  author={Tabuti, Lucy Mari and Nakamura, Ricardo},
  booktitle={Anais do Simp{\'o}sio Brasileiro de Inform{\'a}tica na Educa{\c{c}}{\~a}o},
  volume={26},
  number={1},
  pages={41},
  year={2015}
}

@inproceedings{Tabuti:2015:metodos,
  title={M{\'e}todos para o Desenvolvimento de Jogos Digitais de L{\'o}gica: Uma Revis{\~a}o Sistem{\'a}tica},
  author={Tabuti, Lucy Mari and Nakamura, Ricardo},
  booktitle={Anais do Simp{\'o}sio Brasileiro de Inform{\'a}tica na Educa{\c{c}}{\~a}o},
  volume={26},
  number={1},
  pages={41},
  year={2015}
}

@article{Tabuti:2010:analise,
  title={An{\'a}lise da Intera{\c{c}}{\~a}o Humano-Computador de um Jogo de L{\'o}gica com Diferentes Dispositivos de Entrada},
  author={Tabuti, Lucy Mari and da Rocha, Ricardo Luis de A and Nakamura, Ricardo},
  year={2010}
}

@article{ramos:2013:jogos,
	title={Jogos cognitivos eletr{\^o}nicos: contribui{\c{c}}{\~o}es {\`a} aprendizagem no contexto escolar},
	author={Karine Ramos, Daniela},
	journal={Ci{\^e}ncias \& Cogni{\c{c}}{\~a}o},
	volume={18},
	number={1},
	pages={19--32},
	year={2013},
	publisher={Instituto de Ci{\^e}ncias Cognitivas}
}

@article {OECD:2016:low_performing_students,
		author = "OECD",
		title = "Low-Performing Students: Why They Fall Behind and How To Help Them Succeed",
		url = "/content/book/9789264250246-en",
		doi = "http://dx.doi.org/10.1787/9789264250246-en",
		publisher = "OECD Publishing"
}

@article {OECD:2012:pisa-brazil,
	author = {OECD},
	title = {PISA 2012 Results - Brazil Overview},
	url = {http://www.oecd.org/pisa/keyfindings/PISA-2012-results-brazil.pdf}
	publisher = {OECD Publishing},
	year = {2012}
}

@inproceedings { correia:2009:digital_games_spore,
  author	= "Correia, Ana Castro and Oliveira, Lia Raquel and Merrelho, Anabela and Marques, Armanda and Pereira, Daniela Jorge and Cardoso, Vânia",
 title	= "Jogos digitais : possibilidades e limitações : o caso do jogo Spore",
 year	= "2009"
}

@article{fernandes:2012:digital_education,
  title={Educa{\c{c}}{\~a}o digital: Utiliza{\c{c}}{\~a}o dos jogos de computador como ferramenta de auxilio {\`a} aprendizagem},
  author={Fernandes, Jo{\~a}o Carlos Lopes},
  journal={FaSCi-Tech},
  volume={1},
  number={3},
  year={2012}
}

@inproceedings{kirner:2007:RV_e_RA,
  title={Realidade virtual e aumentada: conceitos, projeto e aplica{\c{c}}{\~o}es},
  author={Kirner, Claudio and Siscoutto, Robson},
  booktitle={Livro do IX Symposium on Virtual and Augmented Reality, Petr{\'o}polis (RJ), Porto Alegre: SBC},
  year={2007}
}

@article{kirner:2011:evolucao_RV,
  title={Evolu{\c{c}}{\~a}o e tend{\^e}ncias da Realidade Virtual e da Realidade Aumentada},
  author={Kirner, Claudio and Kirner, Tereza Gon{\c{c}}alves},
  journal={Livro do XIII Pr{\'e}-Simp{\'o}sio de Realidade Virtual e Aumentada, Uberl{\^a}ndia},
  pages={10--25},
  year={2011}
}

@article{Brasil:2006:PCN,
  title={Par{\^a}metros nacionais de qualidade para a Educa{\c{c}}{\~a}o infantil},
  author={BRASIL, MEC},
  journal={MEC/SEB, Bras{\'\i}lia},
  year={2006}
}

@misc{Emery:1999:TOL,
  author = {Katherine Emery},
  title = {The Oregon Trail},
  
  year = {1999}
}

@article{Poli:2012:VGS,
  author = {Dorothybelle Poli and Christopher Berenotto and Sara Blankenship and Bryan Piatkowski and Geoffrey A. Bader and Mark Poore},
  title = {Bringing Evolution to a Technological Generation: A Case Study with the Video Game SPORE},
  journal = {The American Biology Teacher},
  year = {2012},
  volume = {74}
}

@article{nowak:2003:telepresence,
  title={The effect of the agency and anthropomorphism on users' sense of telepresence, copresence, and social presence in virtual environments},
  author={Nowak, Kristine L and Biocca, Frank},
  journal={Presence},
  volume={12},
  number={5},
  pages={481--494},
  year={2003},
  publisher={MIT Press}
}

@inproceedings{brown:2004:game_immersion,
  title={A grounded investigation of game immersion},
  author={Brown, Emily and Cairns, Paul},
  booktitle={CHI'04 extended abstracts on Human factors in computing systems},
  pages={1297--1300},
  year={2004},
  organization={ACM}
}

@article{zemliansky:2010:design_implementation_educational_games,
  title={Design and Implementation of Educational Games: Theoretical and Practical},
  author={Zemliansky, Pavel and Wilcox, Diane},
  year={2010}
}

@online{leapmotion,
	author = {Leap Motion},
	title = {Leap Motion | Mac \& PC Motion Controller for Games, Design, Virtual Reality \& More},
	urldate = {2016-06-06},
	urlaccessdate = {2016-06-06},
	date = {2016-06-06},
	year = {2016},
	url = {https://www.leapmotion.com/}
}

@online{unity,
	author = {Unity Engine},
	title = {Unity - Game Engine},
	urldate = {2016-06-06},
	urlaccessdate = {2016-06-06},
	date = {2016-06-06},
	year = {2016},
	url = {http://unity3d.com/}
}

@online{googlecardboard,
	author = {Google Cardboard},
	title = {Google Cardboard – Google VR},
	urldate = {2016-06-06},
	urlaccessdate = {2016-06-06},
	date = {2016-06-06},
	year = {2016},
	url = {https://vr.google.com/cardboard/index.html}
}
 
@online{nearpod,
	author = {Nearpod},
	title = {Nearpod - Easily integrate technology into every lesson},
	urldate = {2016-10-16},
	urlaccessdate = {2016-10-16},
	date = {2016-10-16},
	year = {2016},
	url = {https://nearpod.com/how-it-works}
}

@misc{notes2002,
  author = {Georges Grinstein and Daniel Keim and Matthew Ward},
  title = {Information Visualization, Visual Data Mining, and Its Application to Drug Design},
  howpublished = {IEEE Visualization 2002 Course \#1 Notes},
  month = {October},
  year = {2002}
}

@article{Max:1995:OMF,
  author = "Nelson Max",
  title = "Optical models for direct volume rendering",
  year = "1995",
  month = jun,
  journal = "IEEE Transactions on Visualization and Computer
    Graphics",
  volume = "1",
  number = "2",
  pages = "99--108",
}

@book{ware:2004:IVP,
  author = "Colin Ware",
  title = "Information Visualization: Perception for Design",
  edition = "second",
  year = 2004,
  publisher = "Morgan Kaufmann Publishers",
}

@mastersthesis{kindlmann:1999:SAG,
  author = "Gordon Kindlmann",
  title = "Semi-Automatic Generation of Transfer Functions for Direct Volume Rendering",
  school = "Cornell University",
  year = 1999,
}

@phdthesis{levoy:1989:DSV,
  author = "Marc Levoy",
  title = "Display of Surfaces from Volume Data",
  school = "University of North Carolina at Chapel Hill",
  year = 1989,
}

@inproceedings{Lorensen:1987:MCA,
  author = "William E. Lorensen and Harvey E. Cline",
  title = "Marching Cubes: A High Resolution 3D Surface Construction Algorithm",
  year = "1987",
  month = jul,
  booktitle = "Computer Graphics (Proceedings of SIGGRAPH 87)",
  volume = 21,
  pages = "163--169",
}

@inproceedings{Nielson:1991:TAD,
  author = "Gregory M. Nielson and Bernd Hamann",
  title = "The Asymptotic Decider: Removing the Ambiguity in Marching Cubes",
  year = "1991",
  booktitle = "Visualization '91",
  pages = "83--91",
}


@inproceedings{dodgson:2004:svariation,
	title={Variation and extrema of human interpupillary distance},
	author={Dodgson, Neil A},
	booktitle={Electronic imaging 2004},
	pages={36--46},
	year={2004},
	organization={International Society for Optics and Photonics},
}

@online{leap:2016:changeset,
	author = {LeapMotion},
	title = {Leap Motion Release Notes \& Changeset},
	urldate = {2016-09-05},
	urlaccessdate = {2016-09-05},
	date = {2016-09-05},
	year = {2016},
	url = {https://developer.leapmotion.com/documentation/Leap_SDK_Release_Notes.html#version-3-0-0},
}

@online{leap:2016:architecture,
	author = {LeapMotion},
	title = {Leap Motion Architecture},
	urldate = {2016-09-05},
	urlaccessdate = {2016-09-05},
	date = {2016-09-05},
	year = {2016},
	url = {https://developer.leapmotion.com/documentation/cpp/devguide/Leap_Architecture.html},
}


@online{leap:2016:how-it-works,
	author = {LeapMotion},
	title = {How Does the Leap Motion Controller Work?},
	urldate = {2016-09-09},
	urlaccessdate = {2016-09-09},
	date = {2016-09-09},
	year = {2016},
	url = {http://blog.leapmotion.com/hardware-to-software-how-does-the-leap-motion-controller-work/},
}

@online{leap:2016:intro-skeletal,
	author = {LeapMotion},
	title = {Introducing the Skeletal Tracking Model},
	urldate = {2016-09-23},
	urlaccessdate = {2016-09-23},
	date = {2016-09-23},
	year = {2016},
	url = {https://developer.leapmotion.com/documentation/javascript/devguide/Intro_Skeleton_API.html},
}

@online{leap:2016:gestures,
	author = {LeapMotion},
	title = {Gestures},
	urldate = {2016-09-23},
	urlaccessdate = {2016-09-23},
	date = {2016-09-23},
	year = {2016},
	url = {https://developer.leapmotion.com/documentation/csharp/devguide/Leap_Gestures.html},
}

@online{leap:2016:requirements,
	author = {LeapMotion},
	title = {LeapMotion Requirements},
	urldate = {2016-11-15},
	urlaccessdate = {2016-11-15},
	date = {2016-11-15},
	year = {2016},
	url = {https://support.leapmotion.com/hc/en-us/articles/223783668-What-are-the-system-requirements-},
}

@online{lussenhop:2016:oregon-trail,
	author = {Jessica Lussenhop},
	title = {Oregon Trail: How three Minnesotans forged its path},
	urldate = {2016-10-07},
	urlaccessdate = {2016-10-07},
	date = {2011-01-19},
	year = {2011},
	url = {https://web.archive.org/web/20110123012937/http://www.citypages.com/content/printVersion/1740595/},
	note = {Versão arquivada pelo \textit{WayBack Machine}}
}

@online{seeto:2016:playstation-vr,
author = {Damian Seeto},
title = {PlayStation VR Is Not Recommended For People Under 12 Years Old},
urldate = {2016-10-16},
urlaccessdate = {2016-10-16},
date = {2016-04-06},
year = {2016},
url = {http://attackofthefanboy.com/news/playstation-vr-not-recommended-people-12-years-old/}
}

@online{hill:2016:vr-safe,
author = {Simon Hill},
title = {Is VR too dangerous for kids?},
urldate = {2016-10-16},
urlaccessdate = {2016-10-16},
date = {2016-03-23},
year = {2016},
url = {http://www.digitaltrends.com/virtual-reality/is-vr-safe-for-kids-we-asked-the-experts/}
}

@online{ctfrc:motor-skills,
author = {CTFRC},
title = {School Aged Developmental Milestones},
urldate = {2016-10-16},
urlaccessdate = {2016-10-16},
year = {2016},
url = {http://www.kamloopschildrenstherapy.org/fine-motor-skills-school-milestones}
}

@article{poli:2012:video-game-spore,
	title={Bringing evolution to a technological generation: a case study with the video game SPORE},
	author={Poli, DorothyBelle and Berenotto, Christopher and Blankenship, Sara and Piatkowski, Bryan and Bader, Geoffrey A and Poore, Mark},
	journal={The american biology Teacher},
	volume={74},
	number={2},
	pages={100--103},
	year={2012},
	publisher={University of California Press Journals}
}

@article{bndes:2014:mapeamento,
	title={Mapeamento da Ind{\'u}stria Brasileira e Global de Jogos Digitais},
	author={Fleury, Afonso and Nakano, Davi and Cordeiro, JHDO},
	journal={S{\~a}o Paulo: GEDIGames/USP, BNDES},
	year={2014}
}

@misc{IBGE:2015:PNAD_TIC_2013,
	author = {IBGE},
	title = {Acesso à Internet e à Televisão e Posse de Telefone Móvel Celular para Uso Pessoal},
	year = {2015}
}

@online{cnet:2016:google-cardboard,
	author = {CNET},
	title = {Face has Oculus, Google has Cardboard},
	urldate = {2016-09-09},
	urlaccessdate = {2016-09-09},
	date = {2016-09-09},
	year = {2016},
	url = {https://www.cnet.com/news/facebook-has-oculus-google-has-cardboard/},
}



@online{google:2016:cardboardSDK,
	author = {Google},
	title = {Google Cardboard SDK},
	urldate = {2016-09-05},
	urlaccessdate = {2016-09-05},
	date = {2016-09-05},
	year = {2016},
	url = {https://developers.google.com/vr/cardboard/overview},
}

@online{google:2016:androidVersion,
	author = {Google},
	title = {Dashboards},
	urldate = {2016-11-25},
	urlaccessdate = {2016-11-25},
	date = {2016-11-25},
	year = {2016},
	url = {https://developer.android.com/about/dashboards/index.html},
}

@online{riftcat:2016:requirements,
	author = {Riftcat},
	title = {Riftcat Requirements},
	urldate = {2016-09-07},
	urlaccessdate = {2016-09-07},
	date = {2016-09-07},
	year = {2016},
	url = {https://riftcat.com/vridge/requirements},
}

@article{RFC:2011:websocket,
	title={Rfc 6455: The websocket protocol},
	author={Fette, I and Melnikov, A},
	journal={IETF, December},
	year={2011}
}

@article{Tabuti:2010:analise,
	title={An{\'a}lise da Intera{\c{c}}{\~a}o Humano-Computador de um Jogo de L{\'o}gica com Diferentes Dispositivos de Entrada},
	author={Tabuti, Lucy Mari and da Rocha, Ricardo Luis de A and Nakamura, Ricardo},
	year={2010}
}

@inproceedings{SBGames:2015:RVAM,
	author = {Bruna v. Frade and Bruno F. Alixandre and Pedro M. Souza},
	title = {Desenvolvimento de um jogo S{\'e}rio com Uso de Realidade Virtual aplicado ao Ensino da Matematica},
	howpublished = {SBGames 2015 - Culture Track – Full Papers},
	month = {November},
	year = {2015}
}

@misc{Alves:2015:VR_Quimica,
	author = {Gabriel F. Alves and Emerson V. Souza and Pedro M. de Sousa},
	title = {Realidade Virtual e Aumentada Aplicada na Educacao na Disciplina de Quimica – RVAQ},
	howpublished = {SBGames 2015 - Art \& Design Track – Full Papers},
	year = {2015},
	month = {November}
}

@article{hunicke:2004,
	author = {Robin Hunicke, Marc LeBlanc, Robert Zubek},
	title = {MDA: A Formal Approach to Game Design and Game Research},
	year = {2004},
}

@article{kirner:2011:evolucao_RV,
	title={Evolu{\c{c}}{\~a}o e tend{\^e}ncias da Realidade Virtual e da Realidade Aumentada},
	author={Kirner, Claudio and Kirner, Tereza Gon{\c{c}}alves},
	journal={Livro do XIII Pr{\'e}-Simp{\'o}sio de Realidade Virtual e Aumentada, Uberl{\^a}ndia},
	pages={10--25},
	year={2011}
}

@article{hoffman2008vergence,
	title={Vergence--accommodation conflicts hinder visual performance and cause visual fatigue},
	author={Hoffman, David M and Girshick, Ahna R and Akeley, Kurt and Banks, Martin S},
	journal={Journal of vision},
	volume={8},
	number={3},
	pages={33--33},
	year={2008},
	publisher={The Association for Research in Vision and Ophthalmology}
}

@book{schell:2010:art_game_design,
	Author = {Jesse Schell},
	Title = {A Arte De Game Design: O Livro Original},
	Publisher = {CRC Press},
	Year = {2010},
	ISBN = {8535241981},
	URL = {https://www.amazon.com/Arte-Game-Design-Livro-Original/dp/8535241981%3FSubscriptionId%3D0JYN1NVW651KCA56C102%26tag%3Dtechkie-20%26linkCode%3Dxm2%26camp%3D2025%26creative%3D165953%26creativeASIN%3D8535241981}
}

@book{opper:1969:theory_intellectual_development,
Author = {Ginsburg, Herbert and Opper, Sylvia},
Title = {Piaget's Theory of Congnitive Development},
Publisher = {Prentice Hall},
Year = {1969},
ISBN = {8535241981},
URL = {https://www.amazon.com/Arte-Game-Design-Livro-Original/dp/8535241981%3FSubscriptionId%3D0JYN1NVW651KCA56C102%26tag%3Dtechkie-20%26linkCode%3Dxm2%26camp%3D2025%26creative%3D165953%26creativeASIN%3D8535241981}
}

@online{zeldainformer:2016:boss-key,
	author = {ZeldaInformer},
	title = {A LOOK BACK AT SKYWARD SWORD: HYPE TRAIN OR MODERN CLASSIC?},
	urldate = {2016-09-15},
	urlaccessdate = {2016-09-15},
	date = {2016-09-15},
	year = {2016},
	url = {http://www.zeldainformer.com/news/a_look_back_at_skyward_sword_hype_train_or_modern_classic},
}

@online{youtube:2016:boss-key,
	author = {YouTube},
	title = {The Legend Of Zelda: Skyward Sword - Trouble With The Squid Carving Door Puzzle (Live Commentary)},
	urldate = {2016-09-15},
	urlaccessdate = {2016-09-15},
	date = {2016-09-15},
	year = {2016},
	url = {https://www.youtube.com/watch?v=7bT2Bn_yRB0},
}

@online{leap:2016:store,
	author = {Leap Motion},
	title = {Leap Motion Store},
	urldate = {2016-12-18},
	urlaccessdate = {2016-12-18},
	date = {2016-12-18},
	year = {2016},
	url = {http://store-world.leapmotion.com/},
}

@online{myo:2016:store,
	author = {Myo},
	title = {Myo Store},
	urldate = {2016-12-18},
	urlaccessdate = {2016-12-18},
	date = {2016-12-18},
	year = {2016},
	url = {https://store.myo.com/},
}

@online{cardboard:2016:store,
	author = {Google},
	title = {Google Cardboard Store},
	urldate = {2016-12-18},
	urlaccessdate = {2016-12-18},
	date = {2016-12-18},
	year = {2016},
	url = {https://vr.google.com/cardboard/get-cardboard/},
}

@online{rift:2016:store,
	author = {Oculus},
	title = {Oculus Rift Store},
	urldate = {2016-12-18},
	urlaccessdate = {2016-12-18},
	date = {2016-12-18},
	year = {2016},
	url = {https://www3.oculus.com/en-us/rift/},
}

@online{vive:2016:store,
	author = {HTC},
	title = {HTC Vive Store},
	urldate = {2016-12-18},
	urlaccessdate = {2016-12-18},
	date = {2016-12-18},
	year = {2016},
	url = {http://www.vive.com/us/},
}



